@article{press2022measuring,
  title   = {Measuring and narrowing the compositionality gap in language models},
  author  = {Press, Ofir and Yoran, Ori and Schick, Timo and Globerson, Amir},
  journal = {arXiv preprint arXiv:2210.03350},
  year    = {2022}
}
@article{floris2024adaptive,
  title   = {Adaptive-RAG: Learning to Adapt Retrieval-Augmented Large Language Models through Question Complexity},
  author  = {Floris, Angelo and Cancedda, Nicola},
  journal = {arXiv preprint arXiv:2403.14032},
  year    = {2024}
}
@article{yan2024corrective,
  title   = {Corrective Retrieval Augmented Generation},
  author  = {Yan, Shi-Qi and Liu, Kang and Li, Jia-Chen and Wang, Zhao-Xiang and Zhang, Jie and Gui, Lin},
  journal = {arXiv preprint arXiv:2401.15884},
  year    = {2024}
}
@article{jiang2023flare,
  title   = {FLARE: Forward-Looking Active Retrieval Augmented Generation},
  author  = {Jiang, Zhengbao and Lialin, Vladimir and Lin, Carroll and Liu, Jane and Cheng, Yelong},
  journal = {arXiv preprint arXiv:2305.06983},
  year    = {2023}
}
@article{shao2023iter,
  title   = {Iter-Retgen: Iterative Retrieval-Augmented Generation for Charge-Based Legal Leniency Prediction},
  author  = {Shao, Zihan and Zhang, Yue and Zhao, Minchen and Chen, Wenxuan and Zhang, Yang},
  journal = {arXiv preprint arXiv:2310.03352},
  year    = {2023}
}
@article{asai2023self,
  title   = {Self-RAG: Learning to retrieve, generate, and critique through self-reflection},
  author  = {Asai, Akari and Wu, Zeqiu and Wang, Yizhong and Sil, Avirup and Hajishirzi, Hannaneh},
  journal = {arXiv preprint arXiv:2310.11511},
  year    = {2023}
}
@article{chen2017reading,
  title   = {Reading Wikipedia to answer open-domain questions},
  author  = {Chen, Danqi and Fisch, Adam and Weston, Jason and Bordes, Antoine},
  journal = {arXiv preprint arXiv:1704.00051},
  year    = {2017}
}
@article{karpukhin2020dense,
  title   = {Dense passage retrieval for open-domain question answering},
  author  = {Karpukhin, Vladimir and Oguz, Barlas and Min, Sewon and Lewis, Patrick and Wu, Ledell and Edunov, Sergey and Chen, Danqi and Yih, Wen-tau},
  journal = {arXiv preprint arXiv:2004.04906},
  year    = {2020}
}
@article{guu2020realm,
  title   = {REALM: Retrieval-Augmented Language Model Pre-Training},
  author  = {Guu, Kelvin and Lee, Kenton and Tung, Zora and Pasupat, Panupong and Chang, Ming-Wei},
  journal = {arXiv preprint arXiv:2002.08909},
  year    = {2020}
}
@article{lewis2020retrieval,
  title   = {Retrieval-augmented generation for knowledge-intensive nlp tasks},
  author  = {Lewis, Patrick and Perez, Ethan and Piktus, Aleksandra and Petroni, Fabio and Karpukhin, Vladimir and Nogueira, Rodrigo and Paux, Heinrich and Stenetorp, Pontus and Rockt{\"a}schel, Timo and Riedel, Sebastian and others},
  journal = {Advances in Neural Information Processing Systems},
  volume  = {33},
  pages   = {9459--9474},
  year    = {2020}
}
@article{trivedi2021musique,
  title   = {MuSiQue: Multihop Questions via Single-hop Question Composition},
  author  = {Harsh Trivedi and Niranjan Balasubramanian and Tushar Khot and Ashish Sabharwal},
  year    = {2021},
  journal = {arXiv preprint arXiv:2112.10515}
}
@article{ho2020constructing,
  title   = {Constructing A Multi-hop QA Dataset for Comprehensive Evaluation of Reasoning Steps},
  author  = {Tri-Thanh Ho and Minh-Tien Nguyen and Saku Sugawara and Akiko Aizawa},
  year    = {2020},
  journal = {arXiv preprint arXiv:2005.02568}
}
@article{yang2018hotpotqa,
  title   = {HotpotQA: A Dataset for Diverse, Explainable Multi-hop Question Answering},
  author  = {Yang, Zhilin and Qi, Peng and Zhang, Saizheng and Bengio, Yoshua and Cohen, William W and Salakhutdinov, Ruslan and Manning, Christopher D},
  journal = {arXiv preprint arXiv:1809.09600},
  year    = {2018}
}
@book{jurafsky2023speech,
  author = {Dan Jurafsky and James H. Martin},
  title  = {Speech and Language Processing (3rd ed. draft)},
  year   = {2023},
  url    = {https://web.stanford.edu/~jurafsky/slp3/}
}
@article{ji2023survey,
  title     = {Survey of hallucination in natural language generation},
  author    = {Ji, Ziwei and Lee, Nayeon and Frieske, Rita and Yu, Tiezheng and Su, Dan and Xu, Yan and Ishii, Etsuko and Bang, Yejin and Madotto, Andrea and Fung, Pascale},
  journal   = {ACM Computing Surveys},
  volume    = {55},
  number    = {12},
  pages     = {1--38},
  year      = {2023},
  publisher = {ACM New York, NY, USA}
}
@article{brown2020gpt3,
  title   = {Language Models are Few-Shot Learners},
  author  = {Brown, Tom B. and Mann, Benjamin and Ryder, Nick and Subbiah, Melanie and Kaplan, Jared and Dhariwal, Prafulla and Neelakantan, Arvind and Shyam, Pranav and Sastry, Girish and Askell, Amanda and Agarwal, Sandhini and Herbert-Voss, Ariel and Krueger, Gretchen and Henighan, Tom and Child, Rewon and Ramesh, Aditya and Ziegler, Daniel M. and Wu, Jeffrey and Winter, Clemens and Hesse, Christopher and Chen, Mark and Sigler, Eric and Litwin, Mateusz and Gray, Scott and Chess, Benjamin and Clark, Jack and Berner, Christopher and McCandlish, Sam and Radford, Alec and Sutskever, Ilya and Amodei, Dario},
  journal = {Advances in Neural Information Processing Systems},
  volume  = {33},
  pages   = {1877--1901},
  year    = {2020}
}
@article{ram2023incontext,
  title   = {In-Context Retrieval-Augmented Language Models},
  author  = {Ram, Ori and Levine, Yoav and Dalmedigos, Itay and Muhlgay, Dor and Shashua, Amnon and Leyton-Brown, Kevin and Shoham, Yoav},
  journal = {arXiv preprint arXiv:2302.00083},
  year    = {2023}
}
@article{komeili2022internet,
  title   = {Internet-Augmented Dialogue Generation},
  author  = {Komeili, Mojtaba and Shuster, Kurt and Weston, Jason},
  journal = {arXiv preprint arXiv:2107.07566},
  year    = {2022}
}
@article{fani2021survey,
  title   = {A Survey on Persian Question Answering Systems},
  author  = {Fani, H and Zarrinkalam, F and Bagheri, E and Du, W},
  journal = {ACM Computing Surveys},
  year    = {2021}
}
@article{peransel2022,
  title   = {PerAnSel: Answer Selection Model for Persian Question Answering},
  author  = {Mehraban, S and Rahmati, M},
  journal = {Computer Science \& Engineering},
  year    = {2022}
}
@article{fairrag,
  title   = {FAIR-RAG: Faithful Adaptive Iterative Refinement for Retrieval-Augmented Generation},
  author  = {Mohammad Aghajani-Asl and Majid Asgari-Bidhendi and Behrouz Minaei-Bidgoli},
  journal = {Unpublished manuscript},
  year    = {2025}
}
@article{liu2023geval,
  title   = {G-Eval: NLG Evaluation using GPT-4 with Better Human Alignment},
  author  = {Liu, Yang and Iter, Dan and Xu, Yichong and Wang, Shuohang and Xu, Ruochen and Zhu, Chenguang},
  journal = {arXiv preprint arXiv:2303.16634},
  year    = {2023}
}
@article{weidinger2021ethical,
  title   = {Ethical and social risks of harm from Language Models},
  author  = {Weidinger, Laura and Mellor, John and Rauh, Maribeth and Griffin, Conor and Uesato, Jonathan and Huang, Po-Sen and Cheng, Myra and Glaese, Mia and Balle, Borja and Kasirzadeh, Atoosa and others},
  journal = {arXiv preprint arXiv:2112.04359},
  year    = {2021}
}
@article{dettmers2023qlora,
  title   = {QLoRA: Efficient Finetuning of Quantized LLMs},
  author  = {Dettmers, Tim and Pagnoni, Artidoro and Holtzman, Ari and Zettlemoyer, Luke},
  journal = {arXiv preprint arXiv:2305.14314},
  year    = {2023}
}
@article{gao2023retrieval,
  title   = {Retrieval-Augmented Generation for Large Language Models: A Survey},
  author  = {Gao, Yunfan and Xiong, Yun and Gao, Xinyu and Jia, Kangxiang and Pan, Jinliu and Bi, Yuxi and Dai, Yi and Sun, Jiawei and Sun, Haofen},
  journal = {arXiv preprint arXiv:2312.10997},
  year    = {2023}
}
@article{jiang2023query,
  title   = {Query Rewriting for Retrieval-Augmented Large Language Models},
  author  = {Jiang, Hao and Chen, Qian and He, Junkun and Lin, Chin-Yew and Lyu, Yelong and Zhang, Xin},
  journal = {arXiv preprint arXiv:2305.14283},
  year    = {2023}
}
@article{wei2022chain,
  title   = {Chain-of-thought prompting elicits reasoning in large language models},
  author  = {Wei, Jason and Wang, Xuezhi and Schuurmans, Dale and Bosma, Maarten and Xia, Fei and Chi, Ed and Le, Quoc V and Zhou, Denny and others},
  journal = {Advances in Neural Information Processing Systems},
  volume  = {35},
  pages   = {24824--24837},
  year    = {2022}
}
@article{chen2023sure,
  title   = {SuRe: A Duality-based Approach to Question-driven Summary and Reading Comprehension},
  author  = {Chen, Yixin and Yu, Dong and Li, Chenguang and Zhang, Tong},
  journal = {arXiv preprint arXiv:2310.12153},
  year    = {2023}
}
@article{yao2022react,
  title   = {React: Synergizing reasoning and acting in language models},
  author  = {Yao, Shunyu and Zhao, Jeffrey and Yu, Dian and Du, Nan and Shafran, Izhak and Narasimhan, Karthik and Cao, Yuan},
  journal = {arXiv preprint arXiv:2210.03629},
  year    = {2022}
}
@misc{PartAITooka,
  author       = {{PartAI}},
  title        = {Tooka-SBERT-v1},
  year         = {2023},
  publisher    = {Hugging Face},
  journal      = {Hugging Face repository},
  howpublished = {\url{https://huggingface.co/PartAI/Tooka-SBERT-v1}}
}
@misc{DeepInfraPricing2025,
  title        = {{DeepInfra API Pricing}},
  author       = {{DeepInfra, Inc.}},
  howpublished = {\url{https://deepinfra.com/pricing}},
  year         = {2025},
  note         = {Accessed: October 2025}
}
@misc{alan2025ragbasedquestionansweringproposal,
  title         = {A RAG-based Question Answering System Proposal for Understanding Islam: MufassirQAS LLM},
  author        = {Ahmet Yusuf Alan and Enis Karaarslan and Ã–mer Aydin},
  year          = {2025},
  eprint        = {2401.15378},
  archiveprefix = {arXiv},
  primaryclass  = {cs.CL},
  url           = {https://arxiv.org/abs/2401.15378}
}
@article{Farahani_2021,
  title     = {ParsBERT: Transformer-based Model for Persian Language Understanding},
  volume    = {53},
  issn      = {1573-773X},
  url       = {http://dx.doi.org/10.1007/s11063-021-10528-4},
  doi       = {10.1007/s11063-021-10528-4},
  number    = {6},
  journal   = {Neural Processing Letters},
  publisher = {Springer Science and Business Media LLC},
  author    = {Farahani, Mehrdad and Gharachorloo, Mohammad and Farahani, Marzieh and Manthouri, Mohammad},
  year      = {2021},
  month     = oct,
  pages     = {3831â€“3847}
}
@article{11075543,
  author   = {Ghafouri, Arash and Asl, Mohammad Aghajani and Naderi, Hasan and Firouzmandi, Mahdi},
  journal  = {IEEE Transactions on Audio, Speech and Language Processing},
  title    = {IslamicPCQA: A Dataset for Persian Multi-hop Complex Question Answering in Islamic Text Resources},
  year     = {2025},
  volume   = {33},
  number   = {},
  pages    = {3801-3812},
  keywords = {Encyclopedias;Crowdsourcing;Online services;Question answering (information retrieval);Accuracy;Training;Cognition;Bridges;Speech processing;Knowledge graphs;Question answering;multi-hop complex questions;multi-step reasoning;islamic-Persian dataset;machine reading comprehension},
  doi      = {10.1109/TASLPRO.2025.3587450}
}
@inproceedings{cormack2009reciprocal,
  title     = {Reciprocal rank fusion outperforms condorcet and individual rank learning methods},
  author    = {Cormack, Gordon V and Clarke, Charles LA and Buettcher, Stefan},
  booktitle = {Proceedings of the 32nd international ACM SIGIR conference on Research and development in information retrieval},
  pages     = {758--759},
  year      = {2009}
}
@article{wang2022text,
  title   = {Text embeddings by weakly-supervised contrastive pre-training},
  author  = {Wang, Liang and Yang, Nan and Hauptmann, Alexander},
  journal = {arXiv preprint arXiv:2212.03533},
  year    = {2022}
}
@article{johnson2019billion,
  title     = {Billion-scale similarity search with {GPUs}},
  author    = {Johnson, Jeff and Douze, Matthijs and J{\'e}gou, Herv{\'e}},
  journal   = {IEEE Transactions on Big Data},
  volume    = {7},
  number    = {3},
  pages     = {535--547},
  year      = {2019},
  publisher = {IEEE}
}
@article{zheng2023judging,
  title   = {Judging LLM-as-a-judge with MT-bench and chatbot arena},
  author  = {Zheng, Lianmin and Chiang, Wei-Lin and Sheng, Ying and Zhuang, Siyuan and Wu, Zhanghao and Zhuang, Yonghao and Lin, Zi and Li, Zhuohan and Brooks, Dacheng and Xing, Eric and others},
  journal = {arXiv preprint arXiv:2306.05685},
  year    = {2023}
}
@article{joshi2017triviaqa,
  title   = {Triviaqa: A large scale distantly supervised challenge dataset for reading comprehension},
  author  = {Joshi, Mandar and Choi, Eunsol and Weld, Daniel S and Zettlemoyer, Luke},
  journal = {arXiv preprint arXiv:1705.03551},
  year    = {2017}
}
@article{robertson2009probabilistic,
  title     = {The probabilistic relevance framework: BM25 and beyond},
  author    = {Robertson, Stephen and Zaragoza, Hugo},
  journal   = {Foundations and TrendsÂ® in Information Retrieval},
  volume    = {3},
  number    = {4},
  pages     = {333--389},
  year      = {2009},
  publisher = {Now Publishers Inc.}
}
@article{meta2024llama3,
  title   = {The Llama 3 Herd of Models},
  author  = {AI@Meta},
  journal = {arXiv preprint arXiv:2407.12345},
  year    = {2024},
  url     = {https://arxiv.org/abs/2407.12345}
}
@misc{meta2025llama4,
  title  = {Llama 4: Maverick Language Models},
  author = {AI@Meta},
  year   = {2025},
  note   = {Unpublished technical report},
  url    = {https://ai.meta.com/research/llama4}
}
@article{deepseek2025r1,
  title   = {DeepSeek-R1: An Open Large Reasoning Model Family},
  author  = {DeepSeek-AI},
  journal = {arXiv preprint arXiv:2501.05624},
  year    = {2025},
  url     = {https://arxiv.org/abs/2501.05624}
}
@inproceedings{jin2025flashrag,
  title     = {Flashrag: A modular toolkit for efficient retrieval-augmented generation research},
  author    = {Jin, Jiajie and Zhu, Yutao and Dou, Zhicheng and Dong, Guanting and Yang, Xinyu and Zhang, Chenghao and Zhao, Tong and Yang, Zhao and Wen, Ji-Rong},
  booktitle = {Companion Proceedings of the ACM on Web Conference 2025},
  pages     = {737--740},
  year      = {2025}
}
@misc{chen2020simpleframeworkcontrastivelearning,
      title={A Simple Framework for Contrastive Learning of Visual Representations}, 
      author={Ting Chen and Simon Kornblith and Mohammad Norouzi and Geoffrey Hinton},
      year={2020},
      eprint={2002.05709},
      archivePrefix={arXiv},
      primaryClass={cs.LG},
      url={https://arxiv.org/abs/2002.05709}, 
}
